<?xml version="1.0" encoding="utf-8"?>
<record xmlns="http://www.loc.gov/MARC21/slim" xmlns:xsi="http://www.w3.org/2001/XMLSchema-instance" xsi:schemaLocation="http://www.loc.gov/MARC21/slim http://www.loc.gov/standards/marcxml/schema/MARC21slim.xsd">
	<leader>     nam a22        4500</leader>
	<controlfield tag="001">001696995</controlfield>
	<controlfield tag="003">NNU</controlfield>
	<controlfield tag="006">m        d        </controlfield>
	<controlfield tag="007">cr cn |||m|||a</controlfield>
	<controlfield tag="008">150505s1872    tu      o     000 0dara d</controlfield>
	<datafield ind1=" " ind2=" " tag="040">
		<subfield code="a">NNU</subfield>
		<subfield code="b">eng</subfield>
		<subfield code="c">NNU</subfield>
	</datafield>
	<datafield ind1=" " ind2="4" tag="050">
		<subfield code="a">PJ7515</subfield>
		<subfield code="b">.A28</subfield>
	</datafield>
	<datafield ind1="1" ind2=" " tag="100">
		<subfield code="6">880-01</subfield>
		<subfield code="a">Miṣrī, Mīkhāʼīl ʻAbd al-Sayyid.</subfield>
	</datafield>
	<datafield ind1="1" ind2="0" tag="240">
		<subfield code="6">880-02</subfield>
		<subfield code="a">Sulwān al-shajī fī al-radd ʻalá Ibrāhīm al-Yāzijī</subfield>
	</datafield>
	<datafield ind1="1" ind2="0" tag="245">
		<subfield code="6">880-03</subfield>
		<subfield code="a">Kitāb Sulwān al-shajī fī al-radd ʻalá Ibrāhīm al-Yāzijī</subfield>
		<subfield code="h">[electronic resource] /</subfield>
		<subfield code="c">taʼlīf Mikhāyil Afandī ʻAbd al-Sayyid al-Miṣrī.</subfield>
	</datafield>
	<datafield ind1=" " ind2=" " tag="250">
		<subfield code="6">880-04</subfield>
		<subfield code="a">al-Ṭabʻah 1, ṭubiʻa minhā 5000 nuskhah.</subfield>
	</datafield>
	<datafield ind1=" " ind2=" " tag="260">
		<subfield code="6">880-05</subfield>
		<subfield code="a">al-Asitānah [Istanbul] :</subfield>
		<subfield code="b">Maṭbaʻat al-Jawāʼib,</subfield>
		<subfield code="c">1289 [1872]</subfield>
	</datafield>
	<datafield ind1=" " ind2=" " tag="300">
		<subfield code="a">online resource (4, 110 p.)</subfield>
	</datafield>
	<datafield ind1=" " ind2=" " tag="500">
		<subfield code="a">Defense of Aḥmad Fāris al-Shidyāq against polemics of Ibrāhīm al-Yāzijī.</subfield>
	</datafield>
	<datafield ind1=" " ind2=" " tag="500">
		<subfield code="a">Part of the Arabic Collections Online (ACO) project, contributed by New York Univeristy Libraries.</subfield>
	</datafield>
	<datafield ind1=" " ind2=" " tag="533">
		<subfield code="a">Electronic reproduction.</subfield>
		<subfield code="b">New York, N.Y. :</subfield>
		<subfield code="c">New York University,</subfield>
		<subfield code="d">2015.</subfield>
		<subfield code="5">NNU</subfield>
	</datafield>
	<datafield ind1="1" ind2="0" tag="600">
		<subfield code="a">Shidyāq, Aḥmad Fāris,</subfield>
		<subfield code="d">1804?-1887.</subfield>
	</datafield>
	<datafield ind1="1" ind2="0" tag="600">
		<subfield code="a">Yāzijī, Ibrāhīm,</subfield>
		<subfield code="d">1847-1906.</subfield>
	</datafield>
	<datafield ind1="1" ind2="7" tag="600">
		<subfield code="a">Shidyāq, Aḥmad Fāris,</subfield>
		<subfield code="d">1804?-1887.</subfield>
		<subfield code="2">fast</subfield>
		<subfield code="0">(OCoLC)fst00163955</subfield>
	</datafield>
	<datafield ind1="1" ind2="7" tag="600">
		<subfield code="a">Yāzijī, Ibrāhīm,</subfield>
		<subfield code="d">1847-1906.</subfield>
		<subfield code="2">fast</subfield>
		<subfield code="0">(OCoLC)fst00088378</subfield>
	</datafield>
	<datafield ind1="2" ind2=" " tag="710">
		<subfield code="a">New York University.</subfield>
		<subfield code="b">Libraries.</subfield>
	</datafield>
	<datafield ind1="0" ind2=" " tag="730">
		<subfield code="a">Arabic Collections Online.</subfield>
	</datafield>
	<datafield ind1="0" ind2=" " tag="740">
		<subfield code="6">880-05</subfield>
		<subfield code="a">Sulwān al-shajī fī al-radd ʻalá Ibrāhīm al-Yāzijī.</subfield>
	</datafield>
	<datafield ind1="0" ind2="8" tag="776">
		<subfield code="i">Print version:</subfield>
		<subfield code="a">Miṣrī, Mīkhāʼīl ʻAbd al-Sayyid.</subfield>
		<subfield code="t">Kitāb Sulwān al-shajī fī al-radd ʻalá Ibrāhīm al-Yāzijī</subfield>
		<subfield code="w">(NNU)001696995</subfield>
	</datafield>
	<datafield ind1="4" ind2="0" tag="856">
		<subfield code="u">http://hdl.handle.net/2333.1/cnp5hs4r</subfield>
	</datafield>
	<datafield ind1="1" ind2=" " tag="880">
		<subfield code="6">100-01/</subfield>
		<subfield code="a">مصري، مخائيل عبد السيد.</subfield>
	</datafield>
	<datafield ind1="1" ind2="0" tag="880">
		<subfield code="6">240-02/</subfield>
		<subfield code="a">سلوان الشجى فى الرد على ابراهيم اليازجى.</subfield>
	</datafield>
	<datafield ind1="1" ind2="0" tag="880">
		<subfield code="6">245-03/</subfield>
		<subfield code="a">كتاب سلوان الشجى فى الرد على ابراهيم اليازجى /</subfield>
		<subfield code="c">تاليف مخائيل عبدالسيد المصري.</subfield>
	</datafield>
	<datafield ind1=" " ind2=" " tag="880">
		<subfield code="6">250-04/</subfield>
		<subfield code="a">الطبعة 1، طبع منها 5000 نسخة.</subfield>
	</datafield>
	<datafield ind1=" " ind2=" " tag="880">
		<subfield code="6">260-05/</subfield>
		<subfield code="a">الاستانة [استنبول] :</subfield>
		<subfield code="b">مطبعة الجوائب،</subfield>
		<subfield code="c">١٢٨٩ [١٨٧٢]</subfield>
	</datafield>
	<datafield ind1="0" ind2=" " tag="880">
		<subfield code="6">740-05/</subfield>
		<subfield code="a">سلوان الشجي في الرد على ابراهيم اليازجي.</subfield>
	</datafield>
	<datafield ind1=" " ind2=" " tag="959">
		<subfield code="a">NNU</subfield>
		<subfield code="b">WEB</subfield>
		<subfield code="c">GENI</subfield>
		<subfield code="t">0</subfield>
		<subfield code="m">Electronic access</subfield>
		<subfield code="s">01</subfield>
	</datafield>
	<datafield ind1=" " ind2=" " tag="999">
		<subfield code="i">NNU_001696995</subfield>
		<subfield code="s">nyu_aco000279</subfield>
	</datafield>
</record>
